<?xml version='1.0' encoding='UTF-8'?>
<record xmlns="http://www.loc.gov/MARC21/slim">
  <leader>02499cam a2200433 a 4500</leader>
  <controlfield tag="001">497676</controlfield>
  <controlfield tag="003">NjP</controlfield>
  <controlfield tag="005">20171013104107.0</controlfield>
  <controlfield tag="008">890306m19859999ir            000 0 ara d</controlfield>
  <datafield tag="024" ind1="7" ind2=" ">
    <subfield code="a">princeton_aco003232</subfield>
    <subfield code="2">local</subfield>
  </datafield>
  <datafield ind1=" " ind2=" " tag="035">
    <subfield code="a">(OCoLC)23932412</subfield>
  </datafield>
  <datafield ind1=" " ind2=" " tag="035">
    <subfield code="a">(OCoLC)ocn175714079</subfield>
  </datafield>
  <datafield ind1=" " ind2=" " tag="035">
    <subfield code="a">(OCoLC)175714079</subfield>
  </datafield>
  <datafield ind1=" " ind2=" " tag="035">
    <subfield code="a">(CStRLIN)NJPG89-B11197</subfield>
  </datafield>
  <datafield ind1=" " ind2=" " tag="035">
    <subfield code="9">ACH3440TS</subfield>
  </datafield>
  <datafield ind1=" " ind2=" " tag="035">
    <subfield code="a">(NjP)497676</subfield>
  </datafield>
  <datafield ind1=" " ind2=" " tag="040">
    <subfield code="a">NjP</subfield>
    <subfield code="c">PUL</subfield>
    <subfield code="d">PUL</subfield>
  </datafield>
  <datafield ind1=" " ind2=" " tag="049">
    <subfield code="a">PULL</subfield>
  </datafield>
  <datafield ind1=" " ind2=" " tag="079">
    <subfield code="a">ocm23932412</subfield>
  </datafield>
  <datafield ind1="1" ind2=" " tag="100">
    <subfield code="6">880-01</subfield>
    <subfield code="a">Pūr al-Shahriḍāʼī, Muḥammad ʻAlī al-Ismāʻīl.</subfield>
  </datafield>
  <datafield ind1="1" ind2="3" tag="245">
    <subfield code="6">880-02</subfield>
    <subfield code="a">al-Maʻālim al-maʼthūrah :</subfield>
    <subfield code="b">taqrīr baḥth al-fiqh fī al-ṭahārah li-ustādh al-fuqahāʼ wa-al-mujtahidīn Āyat Allāh al-ʻUẓmá al-Ḥājj Mīrzā Hāshim al-Āmilī al-Najafī, madda ẓillahu al-ʻālī /</subfield>
    <subfield code="c">taʼlīf Muḥammad ʻAlī al-Ismāʻīl Pūr al-Qumshahī́ al-Qumī.</subfield>
  </datafield>
  <datafield ind1=" " ind2=" " tag="250">
    <subfield code="6">880-03</subfield>
    <subfield code="a">al-Ṭabʻ 1.</subfield>
  </datafield>
  <datafield ind1=" " ind2=" " tag="260">
    <subfield code="6">880-04</subfield>
    <subfield code="a">[Qum] :</subfield>
    <subfield code="b">M.ʻA. al-I. Pūr al-Shahriḍāʼī,</subfield>
    <subfield code="c">1406- [1985- ]</subfield>
  </datafield>
  <datafield ind1=" " ind2=" " tag="300">
    <subfield code="a">v. ;</subfield>
    <subfield code="c">24 cm.</subfield>
  </datafield>
  <datafield ind1="1" ind2="0" tag="600">
    <subfield code="6">880-05</subfield>
    <subfield code="a">Ṭabāṭabāʼī al-Yazdī, Muḥammad Kāẓim,</subfield>
    <subfield code="d">-1919.</subfield>
    <subfield code="t">ʻUrwah al-wuthqá.</subfield>
  </datafield>
  <datafield ind1=" " ind2="0" tag="650">
    <subfield code="a">Islam</subfield>
    <subfield code="x">Customs and practices.</subfield>
    <subfield code="0">http://id.loc.gov/authorities/subjects/sh87005732</subfield>
  </datafield>
  <datafield ind1=" " ind2="0" tag="650">
    <subfield code="6">880-06</subfield>
    <subfield code="a">Shīʻah.</subfield>
    <subfield code="0">http://id.loc.gov/authorities/subjects/sh85121390</subfield>
  </datafield>
  <datafield ind1="1" ind2="2" tag="700">
    <subfield code="6">880-07</subfield>
    <subfield code="a">Ṭabāṭabāʼī al-Yazdī, Muḥammad Kāẓim,</subfield>
    <subfield code="d">-1919.</subfield>
    <subfield code="t">ʻUrwah al-wuthqá.</subfield>
    <subfield code="0">http://id.loc.gov/authorities/names/n86099941</subfield>
  </datafield>
  <datafield ind1="0" ind2=" " tag="740">
    <subfield code="a">ʻUrwah al-wuthqá.</subfield>
  </datafield>
  <datafield ind1="1" ind2=" " tag="880">
    <subfield code="6">100-01/r</subfield>
    <subfield code="a">پور الشهرضائي، محمد علي الاسماعيل.</subfield>
  </datafield>
  <datafield ind1="1" ind2="2" tag="880">
    <subfield code="6">245-02/r</subfield>
    <subfield code="a">المعالم المأثورة :</subfield>
    <subfield code="b">تقرير بحث الفقه في الطهارة لاستاذ الفقهاء والمجتهدين آية الله العظمى الحاج ميرزا هاشم الاملي النجفي، مد ظله العالي /</subfield>
    <subfield code="c">تأليف محمد علي الاسماعيل پور القمشه القمي.</subfield>
  </datafield>
  <datafield ind1=" " ind2=" " tag="880">
    <subfield code="6">250-03/r</subfield>
    <subfield code="a">الطبعة 1.</subfield>
  </datafield>
  <datafield ind1=" " ind2=" " tag="880">
    <subfield code="6">260-04/r</subfield>
    <subfield code="a">[قم] :</subfield>
    <subfield code="b">م.ع. الا. پور الشهرضائي،</subfield>
    <subfield code="c">1406- [1985- ]</subfield>
  </datafield>
  <datafield ind1="1" ind2="4" tag="880">
    <subfield code="6">600-05/r</subfield>
    <subfield code="a">طباطبائي اليزدي، محمد كاظم،</subfield>
    <subfield code="d">-1919.</subfield>
    <subfield code="t">عروة الوثقى.</subfield>
  </datafield>
  <datafield ind1=" " ind2="0" tag="880">
    <subfield code="6">650-06/r</subfield>
    <subfield code="a">شيعة.</subfield>
  </datafield>
  <datafield ind1="1" ind2="2" tag="880">
    <subfield code="6">700-07/r</subfield>
    <subfield code="a">طباطبائي اليزدي، محمد كاظم،</subfield>
    <subfield code="d">-1919.</subfield>
    <subfield code="t">عروة الوثقى.</subfield>
  </datafield>
  <datafield ind1=" " ind2=" " tag="998">
    <subfield code="a">06/03/91</subfield>
    <subfield code="s">9118</subfield>
    <subfield code="n">NjP</subfield>
    <subfield code="w">NJPG89B11197</subfield>
    <subfield code="d">03/06/89</subfield>
    <subfield code="c">JEB</subfield>
    <subfield code="b">HW</subfield>
    <subfield code="i">910603</subfield>
    <subfield code="l">NJPG</subfield>
  </datafield>
  <datafield ind1=" " ind2=" " tag="911">
    <subfield code="a">19921028</subfield>
  </datafield>
  <datafield ind1=" " ind2=" " tag="912">
    <subfield code="a">19990511060627.0</subfield>
  </datafield>
  <datafield ind1=" " ind2=" " tag="994">
    <subfield code="a">C0</subfield>
    <subfield code="b">PUL</subfield>
  </datafield>
  <datafield ind1=" " ind2=" " tag="999">
    <subfield code="a">497676</subfield>
  </datafield>
  <datafield ind1="0" ind2="1" tag="852">
    <subfield code="0">541235</subfield>
    <subfield code="b">rcppa</subfield>
    <subfield code="t">1</subfield>
    <subfield code="h">BP174</subfield>
    <subfield code="i">.P87</subfield>
    <subfield code="x">tr fr arab</subfield>
  </datafield>
  <datafield ind1=" " ind2="0" tag="866">
    <subfield code="0">541235</subfield>
    <subfield code="8">0</subfield>
    <subfield code="a">juzʾ 1-6</subfield>
  </datafield>
  <datafield ind1=" " ind2=" " tag="959">
    <subfield code="a">2000-06-13 00:00:00 -0400</subfield>
  </datafield>
</record>
